<record><leader>00000cas a22000007a 4500</leader><controlfield tag="001">18386250</controlfield><controlfield tag="008">880822d19021904ohucr ne      0    0eng d</controlfield><datafield ind1=" " ind2=" " tag="010"><subfield code="a">sn 88077803 </subfield></datafield><datafield ind1=" " ind2=" " tag="040"><subfield code="a">ONP</subfield><subfield code="b">eng</subfield><subfield code="c">ONP</subfield><subfield code="d">OCL</subfield><subfield code="d">OCLCQ</subfield></datafield><datafield ind1=" " ind2=" " tag="042"><subfield code="a">msc</subfield></datafield><datafield ind1="0" ind2=" " tag="130"><subfield code="a">Ohio State journal (Columbus, Ohio : 1902 : Semiweekly)</subfield></datafield><datafield ind1="1" ind2="4" tag="245"><subfield code="a">The Ohio State journal.</subfield></datafield><datafield ind1=" " ind2=" " tag="260"><subfield code="a">Columbus [Ohio] :</subfield><subfield code="b">Ohio State Journal Co.,</subfield><subfield code="c">1902-1904.</subfield></datafield><datafield ind1=" " ind2=" " tag="300"><subfield code="a">v.</subfield></datafield><datafield ind1=" " ind2=" " tag="310"><subfield code="a">Semiweekly</subfield></datafield><datafield ind1="0" ind2=" " tag="362"><subfield code="a">Vol. 91, no. 36a (Sept. 2, 1902)-v. 93, no. 24B (June 17, 1904).</subfield></datafield><datafield ind1=" " ind2=" " tag="580"><subfield code="a">Daily ed.: Ohio State journal (Columbus, Ohio : 1897).</subfield></datafield><datafield ind1=" " ind2="4" tag="651"><subfield code="a">Columbus (Ohio)</subfield><subfield code="v">Newspapers.</subfield></datafield><datafield ind1=" " ind2="4" tag="651"><subfield code="a">Franklin County (Ohio)</subfield><subfield code="v">Newspapers.</subfield></datafield><datafield ind1=" " ind2=" " tag="752"><subfield code="a">United States</subfield><subfield code="b">Ohio</subfield><subfield code="c">Franklin</subfield><subfield code="d">Columbus.</subfield></datafield><datafield ind1="1" ind2=" " tag="775"><subfield code="t">Ohio State journal (Columbus, Ohio : 1897)</subfield><subfield code="w">(DLC)sn 83045386</subfield><subfield code="w">(OCoLC)9518423</subfield></datafield><datafield ind1="0" ind2="0" tag="780"><subfield code="t">Weekly Ohio State journal (Columbus, Ohio : 1869)</subfield><subfield code="w">(DLC)sn 88077802</subfield><subfield code="w">(OCoLC)18386237</subfield></datafield><datafield ind1="1" ind2=" " tag="029"><subfield code="a">AU@</subfield><subfield code="b">000020519550</subfield></datafield></record>